@article{zhang2020uncertainty,
  title     = {Uncertainty-wise requirements prioritization with search},
  author    = {Zhang, Huihui and Zhang, Man and Yue, Tao and Ali, Shaukat and Li, Yan},
  journal   = {ACM Transactions on Software Engineering and Methodology (TOSEM)},
  volume    = {30},
  number    = {1},
  pages     = {1--54},
  year      = {2020},
  publisher = {ACM New York, NY, USA}
}
@inproceedings{yang2019rm2pt,
  title        = {RM2PT: A tool for automated prototype generation from requirements model},
  author       = {Yang, Yilong and Li, Xiaoshan and Liu, Zhiming and Ke, Wei},
  booktitle    = {2019 IEEE/ACM 41st International Conference on Software Engineering: Companion Proceedings (ICSE-Companion)},
  pages        = {59--62},
  year         = {2019},
  organization = {IEEE}
}
@inproceedings{alsanoosy2020identification,
  title        = {Identification of cultural influences on requirements engineering activities},
  author       = {Alsanoosy, Tawfeeq and Spichkova, Maria and Harland, James},
  booktitle    = {2020 IEEE/ACM 42nd International Conference on Software Engineering: Companion Proceedings (ICSE-Companion)},
  pages        = {290--291},
  year         = {2020},
  organization = {IEEE}
}